@inproceedings{Ronfard2013,
author = {R\'emi Ronfard},
title = {Video Recording and Genetic Analysis of Theatre Performances},
address = {Barcelone, Espagne},
month = jul,
year = 2013,
booktitle = { Annual Conference of the International Federation for Theatre Research}
}

@incollection{Ronfard2012,
  TITLE = {{Notation et reconnaissance des actions sc{\'e}niques par ordinateur}},
  AUTHOR = {Ronfard, Remi},
  URL = {https://hal.inria.fr/hal-00768893},
  BOOKTITLE = {{Notation du travail th{\'e}{\^a}tral, du manuscript au num{\'e}rique}},
  EDITOR = {Monique Martinez and Sophie Proust and Matthieu Pouget},
  PUBLISHER = {{Lansman}},
  YEAR = {2012},
  MONTH = Dec,
  KEYWORDS = {Computer analysis of theatre performance ; Narration},
  HAL_ID = {hal-00768893},
  HAL_VERSION = {v1},
}

